@article{ YYTD199410031,
author = { 杜磊 },
title = {音乐艺术起源的几种学说},
journal = {音乐天地},
number = {10},
pages = {35},
year = {1994},
issn = {1003-4218},
}

@article{詹鄞鑫2008巫术起源论评议,
  title={巫术起源论评议},
  author={詹鄞鑫},
  journal={华东师范大学学报 (哲学社会科学版)},
  volume={40},
  number={5},
  pages={103},
  year={2008}
}

@article{ DXYP202435015,
author = { 洪梅 },
title = {基于课程思政的西方音乐史与名作欣赏教学策略研究},
journal = {大学},
volume = {},
number = {35},
pages = {61-64},
year = {2024},
issn = {1673-7164},
}

@article{ XJZT202204033,
author = { 王健 },
title = {民族音乐中的作曲技术与音乐史的关系分析},
journal = {戏剧之家},
volume = {},
number = {04},
pages = {70-71},
year = {2022},
issn = {1007-0125},
}

@article{ YSDG202125022,
author = { 郑佳欣 },
title = {电子音乐的起源与发展},
journal = {艺术大观},
volume = {},
number = {25},
pages = {25-26},
year = {2021},
issn = {2096-0905},
}